@article{parttimeLamp,
 author = {Lamport, Leslie},
 title = {The Part-time Parliament},
 journal = {ACM Trans. Comput. Syst.},
 issue_date = {May 1998},
 volume = {16},
 number = {2},
 month = may,
 year = {1998},
 issn = {0734-2071},
 pages = {133--169},
 numpages = {37},
 url = {http://doi.acm.org/10.1145/279227.279229},
 doi = {10.1145/279227.279229},
 acmid = {279229},
 publisher = {ACM},
 address = {New York, NY, USA},
 keywords = {state machines, three-phase commit, voting},
} 

@phdthesis{raft,
  title={Consensus: Bridging theory and practice},
  author={Ongaro, Diego},
  year={2014},
  school={Stanford University}
}

@inproceedings{camargos2008multicoordinated,
  title={Multicoordinated agreement protocols for higher availabilty},
  author={Camargos, L{\'a}saro Jonas and Schmidt, Rodrigo Malta and Pedone, Fernando},
  booktitle={2008 Seventh IEEE International Symposium on Network Computing and Applications},
  pages={76--84},
  year={2008},
  organization={IEEE}
}

@article{psimple,
  title={Paxos made simple},
  author={Lamport, Leslie and others},
  journal={ACM Sigact News},
  volume={32},
  number={4},
  pages={18--25},
  year={2001}
}
